<?xml version="1.0" encoding="UTF-8"?><collection xmlns="http://www.loc.gov/MARC21/slim"><record><leader>00394nam--2200145-i-4500</leader><controlfield tag="001">000002041</controlfield><controlfield tag="002">20161230</controlfield><controlfield tag="005">20161230201024</controlfield><controlfield tag="008">060222s1000------------r-----000-0-eng-d</controlfield><datafield ind1=" " ind2=" " tag="080"><subfield code="a">621.316:621.396</subfield></datafield><datafield ind1=" " ind2=" " tag="100"><subfield code="a">Goldreer, I.G., Roghinskii, V.I</subfield></datafield><datafield ind1=" " ind2=" " tag="245"><subfield code="a">Impedante neliniare.traducere din lb.rusa</subfield></datafield><datafield ind1=" " ind2=" " tag="260"><subfield code="a">Bucuresti, Editura Tehnica, 1957. 96 P</subfield></datafield><datafield ind1=" " ind2=" " tag="490"><subfield code="a">Colectia Radio</subfield></datafield><datafield ind1=" " ind2=" " tag="852"><subfield code="a">4681</subfield></datafield></record></collection>